@book{stoerwstep,
  title={Wstęp do metod numerycznych: T. 2},
  author={Stoer, J.},
  isbn={9788301000769},
  url={https://books.google.pl/books?id=iTZiNgAACAAJ},
  year={1980},
  publisher={Państwowe Wydawnictwo Naukowe}
}

@book{krupka2009wstep,
  title={Wstęp do metod numerycznych: dla studentów elektroniki i technik informacyjnych: praca zbiorowa},
  author={Krupka, J.A.; Morawski, R.Z.},
  isbn={9788372078025},
  url={https://books.google.pl/books?id=TpNCtQAACAAJ},
  year={2009},
  publisher={Oficyna Wydawnicza Politechniki Warszawskiej}
}

@misc{mimuwprzykre,
    title={Ważniak \Uppercase{M}i\Uppercase{M UW}, \Uppercase{P}rzykre testy},
    author={Krzyżanowski, P.},
    url={http://wazniak.mimuw.edu.pl/index.php?title=Przykre_testy#Metoda_Jacobiego}
}

@misc{knuthwebsite,
    author    = "Donald Knuth",
    title     = "Knuth: Computers and Typesetting",
    url       = "http://www-cs-faculty.stanford.edu/\~{}uno/abcde.html"
}
